{
  "start_date": "2025-06-01",
  "end_date": "2025-07-30",
  "reference_metrics": [
    {
      "date": "2025-04-02",
      "bounce_rate": 68.3,
      "conversion_rate": 3.2,
      "revenue": 15000.5,
      "search_conversion_rate": 2.8,
      "unique_visitors": 1850
    },
    {
      "date": "2025-04-03",
      "bounce_rate": 69.1,
      "conversion_rate": 3.1,
      "revenue": 13040.75,
      "search_conversion_rate": 2.2,
      "unique_visitors": 1420
    },
    {
      "date": "2025-04-04",
      "bounce_rate": 67.5,
      "conversion_rate": 3.3,
      "revenue": 12080,
      "search_conversion_rate": 1.9,
      "unique_visitors": 1180
    },
    {
      "date": "2025-04-05",
      "bounce_rate": 70.8,
      "conversion_rate": 3,
      "revenue": 13120.25,
      "search_conversion_rate": 2.4,
      "unique_visitors": 1380
    },
    {
      "date": "2025-04-06",
      "bounce_rate": 72.1,
      "conversion_rate": 2.9,
      "revenue": 8160.5,
      "search_conversion_rate": 1.3,
      "unique_visitors": 820
    },
    {
      "date": "2025-04-07",
      "bounce_rate": 68.9,
      "conversion_rate": 3.1,
      "revenue": 7200.75,
      "search_conversion_rate": 1.1,
      "unique_visitors": 680
    },
    {
      "date": "2025-04-08",
      "bounce_rate": 71.2,
      "conversion_rate": 2.8,
      "revenue": 6240,
      "search_conversion_rate": 0.9,
      "unique_visitors": 520
    },
    {
      "date": "2025-04-09",
      "bounce_rate": 69.5,
      "conversion_rate": 2.7,
      "revenue": 5280.25,
      "search_conversion_rate": 0.7,
      "unique_visitors": 380
    },
    {
      "date": "2025-04-10",
      "bounce_rate": 70.8,
      "conversion_rate": 2.9,
      "revenue": 6020.5,
      "search_conversion_rate": 1,
      "unique_visitors": 580
    },
    {
      "date": "2025-04-11",
      "bounce_rate": 68.3,
      "conversion_rate": 3.2,
      "revenue": 9060.75,
      "search_conversion_rate": 1.8,
      "unique_visitors": 920
    },
    {
      "date": "2025-04-12",
      "bounce_rate": 67.6,
      "conversion_rate": 3.4,
      "revenue": 10100,
      "search_conversion_rate": 2.1,
      "unique_visitors": 1150
    },
    {
      "date": "2025-04-13",
      "bounce_rate": 70.4,
      "conversion_rate": 3.1,
      "revenue": 9140.25,
      "search_conversion_rate": 1.7,
      "unique_visitors": 980
    },
    {
      "date": "2025-04-14",
      "bounce_rate": 69.2,
      "conversion_rate": 3.3,
      "revenue": 10180.5,
      "search_conversion_rate": 2,
      "unique_visitors": 1220
    },
    {
      "date": "2025-04-15",
      "bounce_rate": 71.8,
      "conversion_rate": 3.6,
      "revenue": 14520.75,
      "search_conversion_rate": 3.2,
      "unique_visitors": 1820
    },
    {
      "date": "2025-04-16",
      "bounce_rate": 68.5,
      "conversion_rate": 3.8,
      "revenue": 15600,
      "search_conversion_rate": 3.6,
      "unique_visitors": 2050
    },
    {
      "date": "2025-04-17",
      "bounce_rate": 70.9,
      "conversion_rate": 3.7,
      "revenue": 15640.25,
      "search_conversion_rate": 3.7,
      "unique_visitors": 2120
    },
    {
      "date": "2025-04-18",
      "bounce_rate": 69.3,
      "conversion_rate": 3.5,
      "revenue": 13680.5,
      "search_conversion_rate": 2.9,
      "unique_visitors": 1680
    },
    {
      "date": "2025-04-19",
      "bounce_rate": 68.7,
      "conversion_rate": 3.4,
      "revenue": 12720.75,
      "search_conversion_rate": 2.5,
      "unique_visitors": 1420
    },
    {
      "date": "2025-04-20",
      "bounce_rate": 71.1,
      "conversion_rate": 3.6,
      "revenue": 14720,
      "search_conversion_rate": 3.1,
      "unique_visitors": 1780
    },
    {
      "date": "2025-04-21",
      "bounce_rate": 69.4,
      "conversion_rate": 3.5,
      "revenue": 13760.25,
      "search_conversion_rate": 2.7,
      "unique_visitors": 1580
    },
    {
      "date": "2025-04-22",
      "bounce_rate": 68.2,
      "conversion_rate": 3.7,
      "revenue": 13800.5,
      "search_conversion_rate": 2.8,
      "unique_visitors": 1650
    },
    {
      "date": "2025-04-23",
      "bounce_rate": 70.9,
      "conversion_rate": 3.4,
      "revenue": 12840.75,
      "search_conversion_rate": 2.4,
      "unique_visitors": 1380
    },
    {
      "date": "2025-04-24",
      "bounce_rate": 69.6,
      "conversion_rate": 3.3,
      "revenue": 11880,
      "search_conversion_rate": 2.1,
      "unique_visitors": 1180
    },
    {
      "date": "2025-04-25",
      "bounce_rate": 71.2,
      "conversion_rate": 3.1,
      "revenue": 9920.25,
      "search_conversion_rate": 1.6,
      "unique_visitors": 920
    },
    {
      "date": "2025-04-26",
      "bounce_rate": 68.8,
      "conversion_rate": 3.5,
      "revenue": 12960.5,
      "search_conversion_rate": 2.5,
      "unique_visitors": 1420
    },
    {
      "date": "2025-04-27",
      "bounce_rate": 70.5,
      "conversion_rate": 3.6,
      "revenue": 13000.75,
      "search_conversion_rate": 2.6,
      "unique_visitors": 1480
    },
    {
      "date": "2025-04-28",
      "bounce_rate": 69.1,
      "conversion_rate": 3.4,
      "revenue": 12040,
      "search_conversion_rate": 2.2,
      "unique_visitors": 1250
    },
    {
      "date": "2025-04-29",
      "bounce_rate": 67.3,
      "conversion_rate": 3.3,
      "revenue": 11580.25,
      "search_conversion_rate": 2,
      "unique_visitors": 1120
    },
    {
      "date": "2025-04-30",
      "bounce_rate": 70.9,
      "conversion_rate": 3.2,
      "revenue": 10120.5,
      "search_conversion_rate": 1.7,
      "unique_visitors": 980
    },
    {
      "date": "2025-05-01",
      "bounce_rate": 68.7,
      "conversion_rate": 3.4,
      "revenue": 11160.75,
      "search_conversion_rate": 2,
      "unique_visitors": 1180
    },
    {
      "date": "2025-05-02",
      "bounce_rate": 71.4,
      "conversion_rate": 3.6,
      "revenue": 12200,
      "search_conversion_rate": 2.3,
      "unique_visitors": 1350
    },
    {
      "date": "2025-05-03",
      "bounce_rate": 69.8,
      "conversion_rate": 3.5,
      "revenue": 11240.25,
      "search_conversion_rate": 2.1,
      "unique_visitors": 1220
    },
    {
      "date": "2025-05-04",
      "bounce_rate": 68.2,
      "conversion_rate": 3.8,
      "revenue": 13280.5,
      "search_conversion_rate": 2.7,
      "unique_visitors": 1520
    },
    {
      "date": "2025-05-05",
      "bounce_rate": 70.8,
      "conversion_rate": 3.9,
      "revenue": 14320.75,
      "search_conversion_rate": 3,
      "unique_visitors": 1680
    },
    {
      "date": "2025-05-06",
      "bounce_rate": 69.5,
      "conversion_rate": 4.1,
      "revenue": 15360,
      "search_conversion_rate": 3.4,
      "unique_visitors": 1820
    },
    {
      "date": "2025-05-07",
      "bounce_rate": 71.9,
      "conversion_rate": 3.8,
      "revenue": 13400.25,
      "search_conversion_rate": 2.8,
      "unique_visitors": 1580
    },
    {
      "date": "2025-05-08",
      "bounce_rate": 68.6,
      "conversion_rate": 3.9,
      "revenue": 13540.5,
      "search_conversion_rate": 2.9,
      "unique_visitors": 1620
    },
    {
      "date": "2025-05-09",
      "bounce_rate": 70.3,
      "conversion_rate": 4,
      "revenue": 14480.75,
      "search_conversion_rate": 3.2,
      "unique_visitors": 1750
    },
    {
      "date": "2025-05-10",
      "bounce_rate": 69.7,
      "conversion_rate": 3.7,
      "revenue": 12520,
      "search_conversion_rate": 2.5,
      "unique_visitors": 1380
    },
    {
      "date": "2025-05-11",
      "bounce_rate": 68.1,
      "conversion_rate": 3.8,
      "revenue": 12560.25,
      "search_conversion_rate": 2.6,
      "unique_visitors": 1420
    },
    {
      "date": "2025-05-12",
      "bounce_rate": 71.4,
      "conversion_rate": 3.6,
      "revenue": 11890.25,
      "search_conversion_rate": 2.3,
      "unique_visitors": 1280
    },
    {
      "date": "2025-05-13",
      "bounce_rate": 69.2,
      "conversion_rate": 3.9,
      "revenue": 13200.5,
      "search_conversion_rate": 2.8,
      "unique_visitors": 1580
    },
    {
      "date": "2025-05-14",
      "bounce_rate": 70.8,
      "conversion_rate": 3.8,
      "revenue": 12750,
      "search_conversion_rate": 2.6,
      "unique_visitors": 1480
    },
     {
      "date": "2025-05-15",
      "bounce_rate": 68.9,
      "conversion_rate": 4.2,
      "revenue": 14100.25,
      "search_conversion_rate": 3.1,
      "unique_visitors": 1720
    },
    {
      "date": "2025-05-16",
      "bounce_rate": 71.7,
      "conversion_rate": 4.1,
      "revenue": 13800.75,
      "search_conversion_rate": 2.9,
      "unique_visitors": 1650
    },
    {
      "date": "2025-05-17",
      "bounce_rate": 69.3,
      "conversion_rate": 3.7,
      "revenue": 12300.5,
      "search_conversion_rate": 2.4,
      "unique_visitors": 1320
    },
    {
      "date": "2025-05-18",
      "bounce_rate": 70.1,
      "conversion_rate": 3.6,
      "revenue": 11950.25,
      "search_conversion_rate": 2.2,
      "unique_visitors": 1220
    },
    {
      "date": "2025-05-19",
      "bounce_rate": 68.4,
      "conversion_rate": 4,
      "revenue": 13450,
      "search_conversion_rate": 2.8,
      "unique_visitors": 1620
    },
    {
      "date": "2025-05-20",
      "bounce_rate": 71.8,
      "conversion_rate": 3.9,
      "revenue": 12850.75,
      "search_conversion_rate": 2.6,
      "unique_visitors": 1520
    },
    {
      "date": "2025-05-21",
      "bounce_rate": 69.5,
      "conversion_rate": 4.3,
      "revenue": 14200.5,
      "search_conversion_rate": 3,
      "unique_visitors": 1750
    },
    {
      "date": "2025-05-22",
      "bounce_rate": 70.2,
      "conversion_rate": 4.2,
      "revenue": 13650.25,
      "search_conversion_rate": 2.8,
      "unique_visitors": 1680
    },
    {
      "date": "2025-05-23",
      "bounce_rate": 68.6,
      "conversion_rate": 3.8,
      "revenue": 12100,
      "search_conversion_rate": 2.3,
      "unique_visitors": 1280
    },
    {
      "date": "2025-05-24",
      "bounce_rate": 71.9,
      "conversion_rate": 4.1,
      "revenue": 13750.75,
      "search_conversion_rate": 2.9,
      "unique_visitors": 1620
    },
    {
      "date": "2025-05-25",
      "bounce_rate": 69.8,
      "conversion_rate": 4.4,
      "revenue": 14500.5,
      "search_conversion_rate": 3.2,
      "unique_visitors": 1820
    },
    {
      "date": "2025-05-26",
      "bounce_rate": 70.4,
      "conversion_rate": 3.9,
      "revenue": 12900.25,
      "search_conversion_rate": 2.6,
      "unique_visitors": 1480
    },
    {
      "date": "2025-05-27",
      "bounce_rate": 68.7,
      "conversion_rate": 4,
      "revenue": 13300,
      "search_conversion_rate": 2.7,
      "unique_visitors": 1580
    },
    {
      "date": "2025-05-28",
      "bounce_rate": 71.3,
      "conversion_rate": 3.8,
      "revenue": 12600.75,
      "search_conversion_rate": 2.4,
      "unique_visitors": 1380
    },
    {
      "date": "2025-05-29",
      "bounce_rate": 69.9,
      "conversion_rate": 4.5,
      "revenue": 14800.5,
      "search_conversion_rate": 3.3,
      "unique_visitors": 1920
    },
    {
      "date": "2025-05-30",
      "bounce_rate": 70.1,
      "conversion_rate": 4,
      "revenue": 13200.25,
      "search_conversion_rate": 2.7,
      "unique_visitors": 1580
    },
    {
      "date": "2025-05-31",
      "bounce_rate": 68.5,
      "conversion_rate": 3.8,
      "revenue": 12450,
      "search_conversion_rate": 2.4,
      "unique_visitors": 1420
    }
  ],
  "current_metrics": [
    {
      "date": "2025-06-01",
      "bounce_rate": 71.8,
      "conversion_rate": 4.2,
      "revenue": 13900.75,
      "search_conversion_rate": 2.9,
      "unique_visitors": 1720
    },
    {
      "date": "2025-06-02",
      "bounce_rate": 69.4,
      "conversion_rate": 4.3,
      "revenue": 14100.5,
      "search_conversion_rate": 3,
      "unique_visitors": 1780
    },
    {
      "date": "2025-06-03",
      "bounce_rate": 70.1,
      "conversion_rate": 4.1,
      "revenue": 13750.25,
      "search_conversion_rate": 2.8,
      "unique_visitors": 1680
    },
    {
      "date": "2025-06-04",
      "bounce_rate": 68.8,
      "conversion_rate": 4.5,
      "revenue": 14850,
      "search_conversion_rate": 3.2,
      "unique_visitors": 1920
    },
    {
      "date": "2025-06-05",
      "bounce_rate": 71.2,
      "conversion_rate": 4.1,
      "revenue": 13450.75,
      "search_conversion_rate": 2.8,
      "unique_visitors": 1650
    },
    {
      "date": "2025-06-06",
      "bounce_rate": 69.9,
      "conversion_rate": 4.3,
      "revenue": 14200.5,
      "search_conversion_rate": 3,
      "unique_visitors": 1780
    },
    {
      "date": "2025-06-07",
      "bounce_rate": 70.5,
      "conversion_rate": 4.2,
      "revenue": 13900.25,
      "search_conversion_rate": 2.9,
      "unique_visitors": 1720
    },
    {
      "date": "2025-06-08",
      "bounce_rate": 68.3,
      "conversion_rate": 4.4,
      "revenue": 14650,
      "search_conversion_rate": 3.1,
      "unique_visitors": 1850
    },
    {
      "date": "2025-06-09",
      "bounce_rate": 71.7,
      "conversion_rate": 4.3,
      "revenue": 14300.75,
      "search_conversion_rate": 3,
      "unique_visitors": 1780
    },
    {
      "date": "2025-06-10",
      "bounce_rate": 69.2,
      "conversion_rate": 4.6,
      "revenue": 15200.75,
      "search_conversion_rate": 3.4,
      "unique_visitors": 1980
    },
    {
      "date": "2025-06-11",
      "bounce_rate": 70.8,
      "conversion_rate": 4.4,
      "revenue": 14680.25,
      "search_conversion_rate": 3.2,
      "unique_visitors": 1880
    },
    {
      "date": "2025-06-12",
      "bounce_rate": 68.4,
      "conversion_rate": 4.8,
      "revenue": 16100.5,
      "search_conversion_rate": 3.8,
      "unique_visitors": 2180
    },
    {
      "date": "2025-06-13",
      "bounce_rate": 71.9,
      "conversion_rate": 4.6,
      "revenue": 15450,
      "search_conversion_rate": 3.5,
      "unique_visitors": 2020
    },
    {
      "date": "2025-06-14",
      "bounce_rate": 69.6,
      "conversion_rate": 4.9,
      "revenue": 16300.25,
      "search_conversion_rate": 3.9,
      "unique_visitors": 2280
    },
    {
      "date": "2025-06-15",
      "bounce_rate": 52.3,
      "conversion_rate": 5.2,
      "revenue": 19850.5,
      "search_conversion_rate": 5.2,
      "unique_visitors": 3120
    },
    {
      "date": "2025-06-16",
      "bounce_rate": 41.1,
      "conversion_rate": 5,
      "revenue": 18680.75,
      "search_conversion_rate": 4.7,
      "unique_visitors": 2850
    },
    {
      "date": "2025-06-17",
      "bounce_rate": 38.8,
      "conversion_rate": 5.4,
      "revenue": 21420.25,
      "search_conversion_rate": 5.8,
      "unique_visitors": 3480
    },
    {
      "date": "2025-06-18",
      "bounce_rate": 36.5,
      "conversion_rate": 5.6,
      "revenue": 22350,
      "search_conversion_rate": 6.3,
      "unique_visitors": 3780
    },
    {
      "date": "2025-06-19",
      "bounce_rate": 35.2,
      "conversion_rate": 5.8,
      "revenue": 23180.75,
      "search_conversion_rate": 6.9,
      "unique_visitors": 4180
    },
    {
      "date": "2025-06-20",
      "bounce_rate": 34.6,
      "conversion_rate": 6.1,
      "revenue": 24920.5,
      "search_conversion_rate": 7.8,
      "unique_visitors": 4680
    },
    {
      "date": "2025-06-21",
      "bounce_rate": 35.9,
      "conversion_rate": 5.9,
      "revenue": 23750.25,
      "search_conversion_rate": 7.2,
      "unique_visitors": 4320
    },
    {
      "date": "2025-06-22",
      "bounce_rate": 36.7,
      "conversion_rate": 6.3,
      "revenue": 25580,
      "search_conversion_rate": 8.4,
      "unique_visitors": 5120
    },
    {
      "date": "2025-06-23",
      "bounce_rate": 35.3,
      "conversion_rate": 6,
      "revenue": 24250.75,
      "search_conversion_rate": 7.6,
      "unique_visitors": 4580
    },
    {
      "date": "2025-06-24",
      "bounce_rate": 34.1,
      "conversion_rate": 6.4,
      "revenue": 26120.5,
      "search_conversion_rate": 8.9,
      "unique_visitors": 5380
    },
    {
      "date": "2025-06-25",
      "bounce_rate": 35.8,
      "conversion_rate": 6.8,
      "revenue": 29850.25,
      "search_conversion_rate": 11.2,
      "unique_visitors": 6820
    },
    {
      "date": "2025-06-26",
      "bounce_rate": 36.4,
      "conversion_rate": 6.6,
      "revenue": 28480,
      "search_conversion_rate": 10.3,
      "unique_visitors": 6180
    },
    {
      "date": "2025-06-27",
      "bounce_rate": 34.9,
      "conversion_rate": 6.9,
      "revenue": 29180.75,
      "search_conversion_rate": 10.8,
      "unique_visitors": 6520
    },
    {
      "date": "2025-06-28",
      "bounce_rate": 35.2,
      "conversion_rate": 7.1,
      "revenue": 29920.5,
      "search_conversion_rate": 11.4,
      "unique_visitors": 6980
    },
    {
      "date": "2025-06-29",
      "bounce_rate": 36.6,
      "conversion_rate": 7.3,
      "revenue": 30650.25,
      "search_conversion_rate": 12.1,
      "unique_visitors": 7420
    },
    {
      "date": "2025-06-30",
      "bounce_rate": 35.3,
      "conversion_rate": 6.8,
      "revenue": 28280,
      "search_conversion_rate": 10.2,
      "unique_visitors": 6280
    },
    {
      "date": "2025-07-01",
      "bounce_rate": 34.8,
      "conversion_rate": 7,
      "revenue": 28920.25,
      "search_conversion_rate": 10.6,
      "unique_visitors": 6680
    },
    {
      "date": "2025-07-02",
      "bounce_rate": 35.5,
      "conversion_rate": 7.2,
      "revenue": 29580.5,
      "search_conversion_rate": 11.2,
      "unique_visitors": 7120
    },
    {
      "date": "2025-07-03",
      "bounce_rate": 36.9,
      "conversion_rate": 7.4,
      "revenue": 30150.75,
      "search_conversion_rate": 11.8,
      "unique_visitors": 7580
    },
    {
      "date": "2025-07-04",
      "bounce_rate": 35.2,
      "conversion_rate": 7.8,
      "revenue": 33850,
      "search_conversion_rate": 14.3,
      "unique_visitors": 9180
    },
    {
      "date": "2025-07-05",
      "bounce_rate": 34.6,
      "conversion_rate": 7.3,
      "revenue": 30480.25,
      "search_conversion_rate": 11.9,
      "unique_visitors": 7680
    },
    {
      "date": "2025-07-06",
      "bounce_rate": 36.3,
      "conversion_rate": 7.5,
      "revenue": 31120.5,
      "search_conversion_rate": 12.7,
      "unique_visitors": 8220
    },
    {
      "date": "2025-07-07",
      "bounce_rate": 35.7,
      "conversion_rate": 7.6,
      "revenue": 31650.75,
      "search_conversion_rate": 13.2,
      "unique_visitors": 8680
    },
    {
      "date": "2025-07-08",
      "bounce_rate": 34.4,
      "conversion_rate": 7.8,
      "revenue": 32180,
      "search_conversion_rate": 13.8,
      "unique_visitors": 9180
    },
    {
      "date": "2025-07-09",
      "bounce_rate": 35.1,
      "conversion_rate": 8.2,
      "revenue": 39520.25,
      "search_conversion_rate": 18.4,
      "unique_visitors": 12480
    },
    {
      "date": "2025-07-10",
      "bounce_rate": 36.8,
      
      "conversion_rate": 8,
      "revenue": 38850.5,
      "search_conversion_rate": 17.6,
      "unique_visitors": 11820
    },
    {
      "date": "2025-07-11",
      "bounce_rate": 35.5,
      "conversion_rate": 8.1,
      "revenue": 39180.75,
      "search_conversion_rate": 18.1,
      "unique_visitors": 12280
    },
    {
      "date": "2025-07-12",
      "bounce_rate": 34.2,
      "conversion_rate": 8.3,
      "revenue": 39950,
      "search_conversion_rate": 19.2,
      "unique_visitors": 13180
    },
    {
      "date": "2025-07-13",
      "bounce_rate": 35.9,
      "conversion_rate": 8.1,
      "revenue": 39280.25,
      "search_conversion_rate": 18.4,
      "unique_visitors": 12480
    },
    {
      "date": "2025-07-14",
      "bounce_rate": 36.6,
      "conversion_rate": 8.6,
      "revenue": 44620.5,
      "search_conversion_rate": 22.8,
      "unique_visitors": 16220
    },
    {
      "date": "2025-07-15",
      "bounce_rate": 35.3,
      "conversion_rate": 8.8,
      "revenue": 45950.75,
      "search_conversion_rate": 24.6,
      "unique_visitors": 17680
    },
    {
      "date": "2025-07-16",
      "bounce_rate": 34.1,
      "conversion_rate": 8.9,
      "revenue": 46280,
      "search_conversion_rate": 25.1,
      "unique_visitors": 18120
    },
    {
      "date": "2025-07-17",
      "bounce_rate": 35.7,
      "conversion_rate": 9.1,
      "revenue": 46620.25,
      "search_conversion_rate": 25.8,
      "unique_visitors": 18780
    },
    {
      "date": "2025-07-18",
      "bounce_rate": 36.4,
      "conversion_rate": 9,
      "revenue": 46950.5,
      "search_conversion_rate": 26.2,
      "unique_visitors": 19220
    },
    {
      "date": "2025-07-19",
      "bounce_rate": 34.8,
      "conversion_rate": 8.7,
      "revenue": 42280.75,
      "search_conversion_rate": 21.9,
      "unique_visitors": 15880
    },
    {
      "date": "2025-07-20",
      "bounce_rate": 35.5,
      "conversion_rate": 8.6,
      "revenue": 42150,
      "search_conversion_rate": 21.6,
      "unique_visitors": 15520
    },
    {
      "date": "2025-07-21",
      "bounce_rate": 36.9,
      "conversion_rate": 8.8,
      "revenue": 42480.25,
      "search_conversion_rate": 22.1,
      "unique_visitors": 16180
    },
    {
      "date": "2025-07-22",
      "bounce_rate": 35.6,
      "conversion_rate": 9,
      "revenue": 42820.5,
      "search_conversion_rate": 22.7,
      "unique_visitors": 16820
    },
    {
      "date": "2025-07-23",
      "bounce_rate": 34.3,
      "conversion_rate": 9.2,
      "revenue": 43150.75,
      "search_conversion_rate": 23.4,
      "unique_visitors": 17380
    },
    {
      "date": "2025-07-24",
      "bounce_rate": 35.1,
      "conversion_rate": 9.3,
      "revenue": 43480,
      "search_conversion_rate": 23.9,
      "unique_visitors": 17880
    },
    {
      "date": "2025-07-25",
      "bounce_rate": 36.8,
      "conversion_rate": 9.5,
      "revenue": 43820.25,
      "search_conversion_rate": 24.5,
      "unique_visitors": 18420
    },
    {
      "date": "2025-07-26",
      "bounce_rate": 35.5,
      "conversion_rate": 9.4,
      "revenue": 44150.5,
      "search_conversion_rate": 25.1,
      "unique_visitors": 18980
    },
    {
      "date": "2025-07-27",
      "bounce_rate": 34.2,
      "conversion_rate": 9.8,
      "revenue": 49480.75,
      "search_conversion_rate": 29.8,
      "unique_visitors": 23180
    },
    {
      "date": "2025-07-28",
      "bounce_rate": 35.4,
      "conversion_rate": 10.2,
      "revenue": 56820,
      "search_conversion_rate": 36.2,
      "unique_visitors": 28820
    },
    {
      "date": "2025-07-29",
      "bounce_rate": 36.1,
      "conversion_rate": 10.4,
      "revenue": 57150.25,
      "search_conversion_rate": 36.8,
      "unique_visitors": 29480
    },
    {
      "date": "2025-07-30",
      "bounce_rate": 34.8,
      "conversion_rate": 10.6,
      "revenue": 57480.5,
      "search_conversion_rate": 37.4,
      "unique_visitors": 30120
    }
  ],
  "initiatives": [
    {
      "initiative_id": "INIT_001",
      "initiative_name": "ACO Launch",
      "initiative_type": "System",
      "launch_timestamp": "2025-06-14T00:00:00",
      "metrics": [
        {
          "metric_code": "unique_visitors",
          "metric_label": "Unique Visitors",
          "dimension": "Traffic",
          "expected_direction": "increase",
          "impact_note": "Higher unique traffic post-launch suggests improved SEO and faster storefront performance in ACO.",
          "importance_rank": 1
        },
        {
          "metric_code": "search_conversion_rate",
          "metric_label": "Search Conversion Rate",
          "dimension": "Engagement",
          "expected_direction": "increase",
          "impact_note": "Search conversion rate up by enhanced product discovery and recommendation services in ACO.",
          "importance_rank": 1
        },
        {
          "metric_code": "bounce_rate",
          "metric_label": "Bounce Rate",
          "dimension": "Engagement",
          "expected_direction": "decrease",
          "impact_note": "Bounce-rate reduction indicates faster page loads and cleaner user experience with ACO.",
          "importance_rank": 2
        },
        {
          "metric_code": "conversion_rate",
          "metric_label": "Conversion Rate",
          "dimension": "Conversions",
          "expected_direction": "increase",
          "impact_note": "Conversion uplift implies smoother shopping funnels introduced by ACO.",
          "importance_rank": 1
        },
        {
          "metric_code": "revenue",
          "metric_label": "Revenue",
          "dimension": "Revenue",
          "expected_direction": "increase",
          "impact_note": "Revenue growth driven by the combined boost in traffic and conversion efficiency following the ACO storefront rollout.",
          "importance_rank": 1
        }
      ]
    }
  ]
}